<?xml version="1.0" encoding="UTF-8"?><collection xmlns="http://www.loc.gov/MARC21/slim"><record><leader>00421nam--2200145-i-4500</leader><controlfield tag="001">000013530</controlfield><controlfield tag="002">20161230</controlfield><controlfield tag="005">20161230201030</controlfield><controlfield tag="008">060222s1000------------r-----000-0-eng-d</controlfield><datafield ind1=" " ind2=" " tag="080"><subfield code="a">621.3.049.771.12:621.3.049.774.3</subfield></datafield><datafield ind1=" " ind2=" " tag="100"><subfield code="a">Basi, Santokh S</subfield></datafield><datafield ind1=" " ind2=" " tag="245"><subfield code="a">Semiconductor pulse and switching circuits</subfield></datafield><datafield ind1=" " ind2=" " tag="260"><subfield code="a">New York, John Wiley And Sons, 1980 Xiii + 538 P</subfield></datafield><datafield ind1=" " ind2=" " tag="490"><subfield code="a">Electronic Technology Series</subfield></datafield><datafield ind1=" " ind2=" " tag="852"><subfield code="a">48890</subfield></datafield></record></collection>